<?xml version="1.0" encoding="UTF-8"?><collection xmlns="http://www.loc.gov/MARC21/slim"><record><leader>00337nam--2200133-i-4500</leader><controlfield tag="001">000027084</controlfield><controlfield tag="002">20161230</controlfield><controlfield tag="005">20161230201036</controlfield><controlfield tag="008">060222s1000------------r-----000-0-eng-d</controlfield><datafield ind1=" " ind2=" " tag="080"><subfield code="a">530.145</subfield></datafield><datafield ind1=" " ind2=" " tag="100"><subfield code="a">Koch, Hans</subfield></datafield><datafield ind1=" " ind2=" " tag="245"><subfield code="a">Noyaux irreductibles et etats lies dansp(o)2. these</subfield></datafield><datafield ind1=" " ind2=" " tag="260"><subfield code="a">Geneve, Universite, 1979, 114p</subfield></datafield><datafield ind1=" " ind2=" " tag="852"><subfield code="a">75707</subfield></datafield></record></collection>